@book{james2013introduction,
  title={An introduction to statistical learning},
  author={James, Gareth and Witten, Daniela and Hastie, Trevor and Tibshirani, Robert and others},
  volume={112},
  number={1},
  year={2013},
  publisher={Springer}
}
@book{timbers2024data,
  title={Data Science: A First Introduction},
  author={Timbers, Tiffany and Campbell, Trevor and Lee, Melissa},
  year={2024},
  publisher={CRC Press},
  url={https://datasciencebook.ca/}
}